@article{MullerUdsforSA2018,
    author = {MÃ¼ller, Richard and Mahler, Dirk and Hunger, Michael and Nerche, Jens and Harrer, Markus},
    year = {2018},
    month = {07},
    pages = {},
    title = {Towards an Open Source Stack to Create a Unified Data Source for Software Analysis and Visualization},
    doi = {10.13140/RG.2.2.21847.16809}
}

@article{SeMaintainance2001,
author = {Canfora, Gerardo and Cimitile, Aniello},
year = {2001},
month = {01},
pages = {},
title = {Software Maintenance},
volume = {1},
isbn = {9789810249731},
journal = {Handbook of Software Engineering and Knowledge Engineering},
doi = {10.1142/9789812389718_0005}
}