@inproceedings{inproceedings,
author = {Queiroz, Magno and Coltman, Tim},
year = {2024},
month = {01},
pages = {},
title = {Data Value and the Search for a Single Source of Truth: What is it and Why Does it Matter?}
}

@inproceedings{Folmer2005,
  author       = {Folmer, Eelke and van Gurp, Jilles and Bosch, Jan},
  title        = {Engineering Human Computer Interaction and Interactive Systems},
  booktitle    = {Engineering Human Computer Interaction and Interactive Systems},
  editor       = {Bastide, Rémi and Palanque, Philippe and Roth, Jörg},
  year         = {2005},
  pages        = {38--58},
  publisher    = {Springer Berlin Heidelberg},
  address      = {Berlin, Heidelberg},
  isbn         = {978-3-540-31961-0},
  date-modified= {2025-01-10 00:02:41 -0500}
}
