@manual{AWSQuickSight2025,
  title        = {Amazon QuickSight Documentation},
  author       = {{Amazon Web Services - QuickSight}},
  year         = {2025},
  note         = {Accessed: 2025-01-16},
  url          = {https://docs.aws.amazon.com/quicksight/latest/user/welcome.html},
  urldate      = {2025-01-16},
}

@manual{AWSXRay2025,
  title        = {AWS X-Ray Developer Guide},
  author       = {{Amazon Web Services - X-Ray}},
  year         = {2025},
  note         = {Accessed: 2025-01-16},
  url          = {https://docs.aws.amazon.com/xray/latest/devguide/aws-xray.html},
  urldate      = {2025-01-16},
}

@manual{AzureMonitor2025,
  title        = {Azure Monitor Documentation},
  author       = {{Microsoft}},
  year         = {2024},
  note         = {Accessed: 2025-01-16},
  url          = {https://learn.microsoft.com/en-us/azure/azure-monitor/overview},
  urldate      = {2025-01-16},
}

@manual{AzureMonitorBestPractices2025,
  title        = {Azure Monitor Best Practices - Analysis and Visualization},
  author       = {{Microsoft - Azure Monitor Best Practices}},
  year         = {2024},
  note         = {Accessed: 2025-01-16},
  url          = {https://learn.microsoft.com/en-us/azure/azure-monitor/best-practices-analysis},
  urldate      = {2025-01-16},
}
