@misc{spring-petclinic,
  author       = {Spring-Team},
  title        = {Spring Petclinic Microservices},
  howpublished = {\url{https://github.com/spring-petclinic/spring-petclinic-microservices}},
  note         = {Accessed: 2025-01-11},
  year         = {2025}
}

@misc{unifiedData2025,
  author       = {Statistics-Easily},
  title        = {What is Unified Data? Understanding its Importance},
  year         = {2025},
  url          = {https://statisticseasily.com/glossario/what-is-unified-data-understanding-its-importance/?utm_source=chatgpt.com#google_vignette},
  note         = {Accessed: 2025-01-11}
}

@misc{stratoflow2025,
  author       = {Stratoflow},
  title        = {The Software Maintenance Process: What You Need to Know},
  year         = {2025},
  url          = {https://stratoflow.com/software-maintenance-process/},
  note         = {Accessed: 2025-01-11}
}