@article{popescu2014gamygdala,
    title={{GAMYGDALA}: An emotion engine for games},
    author={Popescu, Adrian and Broekens, Joost and van Someren, Maarten},
    journal={IEEE Transactions on Affective Computing},
    volume={5},
    number={1},
    pages={32--44},
    year={2014},
    publisher={IEEE}
}

@article{hudlicka2002time3,
    title={This time with feeling: Integrated model of trait and state effects 
    on cognition and behavior},
    author={Hudlicka, Eva},
    journal={Applied Artificial Intelligence},
    volume={16},
    number={7-8},
    pages={611--641},
    year={2002},
    publisher={Taylor \& Francis}
}